<?xml version="1.0" encoding="UTF-8"?><collection xmlns="http://www.loc.gov/MARC21/slim"><record><leader>00581nam--2200181-i-4500</leader><controlfield tag="001">000002904</controlfield><controlfield tag="002">20161230</controlfield><controlfield tag="005">20161230201025</controlfield><controlfield tag="008">060222s1000------------r-----000-0-eng-d</controlfield><datafield ind1=" " ind2=" " tag="040"><subfield code="a">IFIN-HH</subfield></datafield><datafield ind1=" " ind2=" " tag="080"><subfield code="a">623.454.8</subfield></datafield><datafield ind1="1" ind2=" " tag="100"><subfield code="a">Dean, Gordon</subfield></datafield><datafield ind1="1" ind2="0" tag="245"><subfield code="a">Atomo: vita e morte</subfield><subfield code="b">Prefazione del presidente eisenhower - appendice di gordon dean traduzione di ada necchi</subfield><subfield code="c">Dean gordon</subfield></datafield><datafield ind1=" " ind2=" " tag="260"><subfield code="a">Milano</subfield><subfield code="b">Sperling And Kupfer Editori</subfield><subfield code="c">1953</subfield></datafield><datafield ind1=" " ind2=" " tag="300"><subfield code="a">313P</subfield></datafield><datafield ind1=" " ind2=" " tag="500"><subfield code="a">Titlul Original In Limba Enegleza: Report On The Atom</subfield></datafield><datafield ind1=" " ind2=" " tag="852"><subfield code="a">11115</subfield><subfield code="c">539</subfield></datafield><datafield ind1=" " ind2=" " tag="CAT"><subfield code="a">Sys</subfield><subfield code="c">20110923</subfield><subfield code="h">092932</subfield></datafield></record></collection>